@book{Awodey2010,
  author    = {Steve Awodey},
  title     = {Category Theory},
  edition   = {2nd},
  year      = {2010},
  publisher = {Oxford University Press},
  address   = {Oxford}
}

@article{Banach1922,
  author  = {Stefan Banach},
  title   = {Sur les opérations dans les ensembles abstraits et leur application aux équations intégrales},
  journal = {Fundamenta Mathematicae},
  year    = {1922},
  volume  = {3},
  pages   = {133--181}
}

@book{Barendregt1984,
  author    = {Henk P. Barendregt},
  title     = {The Lambda Calculus: Its Syntax and Semantics},
  year      = {1984},
  publisher = {North-Holland},
  address   = {Amsterdam}
}

@book{Borges,
  author    = {J. L. Borges},
  title     = {Collected Fictions},
  year      = {1998},
  publisher = {Penguin Books},
  note      = {Various years, edited edition}
}

@article{Brouwer1911,
  author  = {L. E. J. Brouwer},
  title   = {Über Abbildungen von Mannigfaltigkeiten},
  journal = {Mathematische Annalen},
  year    = {1911},
  volume  = {71},
  pages   = {97--100}
}

@book{Chagrov1997,
  author    = {Andrei Chagrov and Michael Zakharyaschev},
  title     = {Modal Logic},
  year      = {1997},
  publisher = {Oxford University Press},
  address   = {Oxford}
}

@misc{Escher,
  author = {M. C. Escher},
  title  = {Works of M.C. Escher},
  note   = {Various years, reproduced in various collections}
}

@article{Gödel1931,
  author  = {Kurt Gödel},
  title   = {On Formally Undecidable Propositions of {\it Principia Mathematica} and Related Systems I},
  journal = {Monatshefte f\"ur Mathematik und Physik},
  year    = {1931},
  volume  = {38},
  pages   = {173--198}
}

@book{Kirk2004,
  author    = {W. A. Kirk},
  title     = {Fixed Point Theory: An Introduction},
  year      = {2004},
  publisher = {Cambridge University Press},
  address   = {Cambridge}
}

@article{Lawvere1969,
  author  = {F. W. Lawvere},
  title   = {Adjointness in Foundations},
  journal = {Dialectica},
  year    = {1969},
  volume  = {23},
  pages   = {281--293}
}

@article{Lamport1978,
  author  = {Leslie Lamport},
  title   = {Time, Clocks, and the Ordering of Events in a Distributed System},
  journal = {Communications of the ACM},
  year    = {1978},
  volume  = {21},
  number  = {7},
  pages   = {558--565}
}

@book{Leinster2004,
  author    = {Tom Leinster},
  title     = {Higher Operads, Higher Categories},
  year      = {2004},
  publisher = {Cambridge University Press},
  address   = {Cambridge}
}

@book{MacLane1971,
  author    = {Saunders Mac Lane},
  title     = {Categories for the Working Mathematician},
  year      = {1971},
  publisher = {Springer},
  address   = {New York}
}

@book{Milner1989,
  author    = {Robin Milner},
  title     = {Communication and Concurrency},
  year      = {1989},
  publisher = {Prentice Hall},
  address   = {Englewood Cliffs, NJ}
}

@article{Moggi1991,
  author  = {Eugenio Moggi},
  title   = {Notions of Computation and Monads},
  journal = {Information and Computation},
  year    = {1991},
  volume  = {93},
  number  = {1},
  pages   = {55--92}
}

@book{Russell1908,
  author    = {Bertrand Russell},
  title     = {Mathematical Logic as Based on the Theory of Types},
  year      = {1908},
  publisher = {Routledge},
  address   = {London}
}

@inproceedings{Scott1970,
  author    = {Dana Scott},
  title     = {Outline of a Mathematical Theory of Computation},
  booktitle = {Proc. 4th Annual Princeton Conference on Information Sciences and Systems},
  year      = {1970},
  pages     = {169--176}
}

@incollection{Tarski1956,
  author    = {Alfred Tarski},
  title     = {The Concept of Truth in Formalized Languages},
  booktitle = {Logic, Semantics, Metamathematics},
  year      = {1956},
  publisher = {Hackett Publishing},
  address   = {Indianapolis}
}

@article{Turing1936,
  author  = {Alan M. Turing},
  title   = {On Computable Numbers, with an Application to the Entscheidungsproblem},
  journal = {Proceedings of the London Mathematical Society},
  year    = {1936},
  volume  = {42},
  pages   = {230--265}
}

@article{Rice1953,
  author  = {Henry G. Rice},
  title   = {Classes of Recursively Enumerable Sets and Their Decision Problems},
  journal = {Transactions of the American Mathematical Society},
  year    = {1953},
  volume  = {78},
  pages   = {455--472}
}
